
@article{powell2011,
	title = {Global instances of coups from 1950 to 2010: A new dataset},
	author = {Powell, Jonathan M and Thyne, Clayton L},
	year = {2011},
	date = {2011},
	journal = {Journal of Peace Research},
	pages = {249--259},
	volume = {48},
	number = {2},
	url = {http://www.jstor.org/stable/29777507},
	langid = {en}
}

@article{powell2012,
	title = {Determinants of the Attempting and Outcome of Coups d{\textquoteright}Ã©tat},
	author = {Powell, Jonathan},
	year = {2012},
	date = {2012},
	journal = {Journal of Conflict Resolution},
	pages = {1017--1040},
	volume = {56},
	number = {6},
	doi = {10.1177/0022002712445732},
	url = {http://journals.sagepub.com/doi/10.1177/0022002712445732},
	langid = {en}
}

@article{powell2019,
	title = {Leader Survival Strategies and the Onset of Civil Conflict: A Coup-Proofing Paradox},
	author = {Powell, Jonathan},
	year = {2019},
	date = {2019},
	journal = {Armed Forces & Society},
	pages = {27--44},
	volume = {45},
	number = {1},
	doi = {10.1177/0095327X17728493},
	url = {http://journals.sagepub.com/doi/10.1177/0095327X17728493},
	langid = {en}
}

@inbook{thyne2019,
	title = {Coup Research},
	author = {Thyne, Clayton L. and Powell, Jonathan and Leo, Benjamin},
	year = {2019},
	month = {10},
	date = {2019-10-30},
	publisher = {Oxford University Press},
	doi = {10.1093/acrefore/9780190846626.013.369},
	url = {https://oxfordre.com/internationalstudies/view/10.1093/acrefore/9780190846626.001.0001/acrefore-9780190846626-e-369},
	note = {DOI: 10.1093/acrefore/9780190846626.013.369},
	langid = {en}
}
