
@inbook{debruin2020,
	title = {Preventing Coups d{\textquoteright}état},
	author = {De Bruin, Erica},
	year = {2020},
	month = {11},
	date = {2020-11-15},
	publisher = {Cornell University Press},
	pages = {1--12},
	doi = {10.7591/cornell/9781501751912.003.0001},
	url = {http://dx.doi.org/10.7591/cornell/9781501751912.003.0001}
}

@article{knuth1984,
	title = {Literate Programming},
	author = {Knuth, D. E.},
	year = {1984},
	month = {02},
	date = {1984-02-01},
	journal = {The Computer Journal},
	pages = {97--111},
	volume = {27},
	number = {2},
	doi = {10.1093/comjnl/27.2.97},
	url = {http://dx.doi.org/10.1093/comjnl/27.2.97},
	langid = {en}
}

@article{powell2011,
	title = {Global instances of coups from 1950 to 2010: A new dataset},
	author = {Powell, Jonathan M and Thyne, Clayton L},
	year = {2011},
	month = {03},
	date = {2011-03},
	journal = {Journal of Peace Research},
	pages = {249--259},
	volume = {48},
	number = {2},
	doi = {10.1177/0022343310397436},
	url = {http://dx.doi.org/10.1177/0022343310397436},
	langid = {en}
}

@article{gassebner2016,
	title = {When to Expect a Coup D'État? An Extreme Bound Analysis of Coup Determinants},
	author = {Gassebner, Martin and Gutmann, Jerg and Voigt, Stefan},
	year = {2016},
	date = {2016},
	journal = {SSRN Electronic Journal},
	doi = {10.2139/ssrn.2851758},
	url = {http://dx.doi.org/10.2139/ssrn.2851758},
	langid = {en}
}
