
@inbook{debruin2020,
	title = {Preventing Coups d{\textquoteright}Ã©tat},
	author = {De Bruin, Erica},
	year = {2020},
	month = {11},
	date = {2020-11-15},
	publisher = {Cornell University Press},
	pages = {1--12},
	doi = {10.7591/cornell/9781501751912.003.0001},
	url = {http://dx.doi.org/10.7591/cornell/9781501751912.003.0001}
}

@article{knuth1984,
	title = {Literate Programming},
	author = {Knuth, D. E.},
	year = {1984},
	month = {02},
	date = {1984-02-01},
	journal = {The Computer Journal},
	pages = {97--111},
	volume = {27},
	number = {2},
	doi = {10.1093/comjnl/27.2.97},
	url = {http://dx.doi.org/10.1093/comjnl/27.2.97},
	langid = {en}
}
