@phdthesis{zhu2024,
  title={Determinants of Incumbent Overstay Attempts and Outcomes},
  author={Zhu, Qi},
  year={2024},
  school={University of Essex}
}

@phdthesis{chu1999chiang,
  title={On Chiang Kai-Shek’s position on resisting Japan: an analysis of" Domestic stability takes precedence over resisting foreign invasion" policy, 1928-1936},
  author={Chu, Shao-Kang},
  year={1999},
  school={University of British Columbia}
}

@article{clinton1975politics,
  title={Politics and Survival},
  author={Clinton, Richard Lee},
  journal={World Affs.},
  volume={138},
  pages={108},
  year={1975},
  publisher={HeinOnline}
}

@article{gelm:veht:2021,
  author = {Andrew Gelman and Aki Vehtari},
  title = {{What are the Most Important Statistical Ideas of the Past 50 Years?}},
  journal = {Journal of the American Statistical Association},
  volume = {116},
  number = {536},
  pages = {2087-2097},
  year  = {2021},
  publisher = {Taylor & Francis},
  doi = {10.1080/01621459.2021.1938081},
  URL = {https://doi.org/10.1080/01621459.2021.1938081},
  eprint = {https://doi.org/10.1080/01621459.2021.1938081}
}

@article{brom:woo:2018,
  author = {Karl W. Broman and Kara H. Woo},
  title = {{Data Organization in Spreadsheets}},
  journal = {The American Statistician},
  volume = {72},
  number = {1},
  pages = {2-10},
  year  = {2018},
  publisher = {Taylor & Francis},
  doi = {10.1080/00031305.2017.1375989},
  URL = {https://doi.org/10.1080/00031305.2017.1375989},
  eprint = {https://doi.org/10.1080/00031305.2017.1375989}
}


@book{bish:fien:1975,
    author = {Bishop, Yvonne M. M. and Fienberg, Stephen E. and Holland, Paul W.},
    title = {Discrete Multivariate Analyses: Theory and Practice},
    year = {1975},
    pages = {557},
    publisher = {Boston, MA: MIT Press}
}   




@inbook{politica2003,
	title = {Political Survival},
	year = {2003},
	date = {2003},
	publisher = {The MIT Press},
	doi = {10.7551/mitpress/4292.003.0010},
	url = {http://dx.doi.org/10.7551/mitpress/4292.003.0010}
}

@inbook{bassel2017,
	title = {The politics of survival},
	author = {Bassel, Leah and Emejulu, Akwugo},
	year = {2017},
	month = {07},
	date = {2017-07-12},
	publisher = {Policy Press},
	doi = {10.1332/policypress/9781447327134.003.0005},
	url = {http://dx.doi.org/10.1332/policypress/9781447327134.003.0005}
}

@inbook{thepoli2021,
	title = {The Politics of Survival},
	year = {2021},
	month = {10},
	date = {2021-10-12},
	publisher = {Princeton University Press},
	pages = {47--50},
	doi = {10.2307/j.ctv1wmz48h.15},
	url = {http://dx.doi.org/10.2307/j.ctv1wmz48h.15}
}

@book{thepoli2019,
	title = {The Politics of Survival},
	year = {2019},
	date = {2019},
	publisher = {Fordham University Press},
	doi = {10.1353/book.63642},
	url = {http://dx.doi.org/10.1353/book.63642}
}

@book{thepoli2010,
	title = {The Politics of Survival},
	year = {2010},
	date = {2010},
	publisher = {Fordham University Press},
	doi = {10.1353/book.14670},
	url = {http://dx.doi.org/10.1353/book.14670}
}

@inbook{abélès,
	title = {The Politics of Survival},
	author = {{Abélès}, Marc},
	publisher = {DE GRUYTER},
	doi = {10.1515/9783110338737.186},
	url = {http://dx.doi.org/10.1515/9783110338737.186}
}

@book{buenodemesquita2003,
	title = {The Logic of Political Survival},
	author = {Bueno de Mesquita, Bruce and Smith, Alastair and Siverson, Randolph M. and Morrow, James D.},
	year = {2003},
	date = {2003},
	publisher = {The MIT Press},
	doi = {10.7551/mitpress/4292.001.0001},
	url = {http://dx.doi.org/10.7551/mitpress/4292.001.0001}
}

@article{dahl2023,
	title = {Clouds with silver linings: how mobilization shapes the impact of coups on democratization},
	author = {Dahl, Marianne and Gleditsch, Kristian Skrede},
	year = {2023},
	month = {01},
	date = {2023-01-04},
	journal = {European Journal of International Relations},
	pages = {135406612211432},
	doi = {10.1177/13540661221143213},
	url = {http://dx.doi.org/10.1177/13540661221143213},
	langid = {en}
}

@article{svolik2014,
	title = {Which Democracies Will Last? Coups, Incumbent Takeovers, and the Dynamic of Democratic Consolidation},
	author = {Svolik, Milan W.},
	year = {2014},
	month = {03},
	date = {2014-03-26},
	journal = {British Journal of Political Science},
	pages = {715--738},
	volume = {45},
	number = {4},
	doi = {10.1017/s0007123413000550},
	url = {http://dx.doi.org/10.1017/s0007123413000550},
	langid = {en}
}

@article{davenport2021,
	title = {Tenure through Tyranny? Repression, Dissent, and Leader Removal in Africa and Latin America, 1990{\textendash}2006},
	author = {Davenport, Christian and RezaeeDaryakenari, Babak and Wood, Reed M},
	year = {2021},
	month = {09},
	date = {2021-09-13},
	journal = {Journal of Global Security Studies},
	volume = {7},
	number = {1},
	doi = {10.1093/jogss/ogab023},
	url = {http://dx.doi.org/10.1093/jogss/ogab023},
	langid = {en}
}

@article{gandhi2007,
	title = {Authoritarian Institutions and the Survival of Autocrats},
	author = {Gandhi, Jennifer and Przeworski, Adam},
	year = {2007},
	month = {09},
	date = {2007-09-17},
	journal = {Comparative Political Studies},
	pages = {1279--1301},
	volume = {40},
	number = {11},
	doi = {10.1177/0010414007305817},
	url = {http://dx.doi.org/10.1177/0010414007305817},
	langid = {en}
}

@article{escribà-folch2013,
	title = {Repression, political threats, and survival under autocracy},
	author = {{Escribà-Folch}, Abel},
	year = {2013},
	month = {07},
	date = {2013-07-05},
	journal = {International Political Science Review},
	pages = {543--560},
	volume = {34},
	number = {5},
	doi = {10.1177/0192512113488259},
	url = {http://dx.doi.org/10.1177/0192512113488259},
	langid = {en}
}

@article{smith2004,
	title = {Oil Wealth and Regime Survival in the Developing World, 1960{\textendash}1999},
	author = {Smith, Benjamin},
	year = {2004},
	month = {03},
	date = {2004-03-03},
	journal = {American Journal of Political Science},
	pages = {232--246},
	volume = {48},
	number = {2},
	doi = {10.1111/j.0092-5853.2004.00067.x},
	url = {http://dx.doi.org/10.1111/j.0092-5853.2004.00067.x},
	langid = {en}
}

@article{morrison2009,
	title = {Oil, Nontax Revenue, and the Redistributional Foundations of Regime Stability},
	author = {Morrison, Kevin M.},
	year = {2009},
	month = {01},
	date = {2009-01},
	journal = {International Organization},
	pages = {107--138},
	volume = {63},
	number = {1},
	doi = {10.1017/s0020818309090043},
	url = {http://dx.doi.org/10.1017/s0020818309090043},
	langid = {en}
}

@article{licht2009,
	title = {Coming into Money: The Impact of Foreign Aid on Leader Survival},
	author = {Licht, Amanda A.},
	year = {2009},
	month = {11},
	date = {2009-11-16},
	journal = {Journal of Conflict Resolution},
	pages = {58--87},
	volume = {54},
	number = {1},
	doi = {10.1177/0022002709351104},
	url = {http://dx.doi.org/10.1177/0022002709351104},
	langid = {en}
}

@article{wright2008,
	title = {To Invest or Insure?},
	author = {Wright, Joseph},
	year = {2008},
	month = {02},
	date = {2008-02-13},
	journal = {Comparative Political Studies},
	pages = {971--1000},
	volume = {41},
	number = {7},
	doi = {10.1177/0010414007308538},
	url = {http://dx.doi.org/10.1177/0010414007308538},
	langid = {en}
}

@article{arriola2009,
	title = {Patronage and Political Stability in Africa},
	author = {Arriola, Leonardo R.},
	year = {2009},
	month = {02},
	date = {2009-02-27},
	journal = {Comparative Political Studies},
	pages = {1339--1362},
	volume = {42},
	number = {10},
	doi = {10.1177/0010414009332126},
	url = {http://dx.doi.org/10.1177/0010414009332126},
	langid = {en}
}

@article{palmer1999,
	title = {The Electoral Impact of Unexpected Inflation and Economic Growth},
	author = {Palmer, Harvey D. and Whitten, Guy D.},
	year = {1999},
	month = {09},
	date = {1999-09},
	journal = {British Journal of Political Science},
	pages = {623--639},
	volume = {29},
	number = {4},
	doi = {10.1017/s0007123499000307},
	url = {http://dx.doi.org/10.1017/s0007123499000307},
	langid = {en}
}

@article{thyne2017,
	title = {Even Generals Need Friends},
	author = {Thyne, Clayton and Powell, Jonathan and Parrott, Sarah and VanMeter, Emily},
	year = {2017},
	month = {01},
	date = {2017-01-15},
	journal = {Journal of Conflict Resolution},
	pages = {1406--1432},
	volume = {62},
	number = {7},
	doi = {10.1177/0022002716685611},
	url = {http://dx.doi.org/10.1177/0022002716685611},
	langid = {en}
}

@article{sudduth2017,
	title = {Coup risk, coup-proofing and leader survival},
	author = {Sudduth, Jun Koga},
	year = {2017},
	month = {01},
	date = {2017-01},
	journal = {Journal of Peace Research},
	pages = {3--15},
	volume = {54},
	number = {1},
	doi = {10.1177/0022343316676885},
	url = {http://dx.doi.org/10.1177/0022343316676885},
	langid = {en}
}

@inbook{debruin2020,
	title = {Preventing Coups d{\textquoteright}état},
	author = {De Bruin, Erica},
	year = {2020},
	month = {11},
	date = {2020-11-15},
	publisher = {Cornell University Press},
	pages = {1--12},
	doi = {10.7591/cornell/9781501751912.003.0001},
	url = {http://dx.doi.org/10.7591/cornell/9781501751912.003.0001}
}

@article{easton2018,
	title = {Leader survival and purges after a failed coup d{\textquoteright}état},
	author = {Easton, Malcolm R and Siverson, Randolph M},
	year = {2018},
	month = {04},
	date = {2018-04-30},
	journal = {Journal of Peace Research},
	pages = {596--608},
	volume = {55},
	number = {5},
	doi = {10.1177/0022343318763713},
	url = {http://dx.doi.org/10.1177/0022343318763713},
	langid = {en}
}

@article{williams2011,
	title = {Pick your poison: economic crises, international monetary fund loans and leader survival},
	author = {Williams, Laron K},
	year = {2011},
	month = {06},
	date = {2011-06-17},
	journal = {International Political Science Review},
	pages = {131--149},
	volume = {33},
	number = {2},
	doi = {10.1177/0192512111399006},
	url = {http://dx.doi.org/10.1177/0192512111399006},
	langid = {en}
}

@article{quirozflores2012,
	title = {Leader Survival and Natural Disasters},
	author = {Quiroz Flores, Alejandro and Smith, Alastair},
	year = {2012},
	month = {12},
	date = {2012-12-13},
	journal = {British Journal of Political Science},
	pages = {821--843},
	volume = {43},
	number = {4},
	doi = {10.1017/s0007123412000609},
	url = {http://dx.doi.org/10.1017/s0007123412000609},
	langid = {en}
}

@article{yu2016,
	title = {Political leader survival: does competence matter?},
	author = {Yu, Shu and Jong-A-Pin, Richard},
	year = {2016},
	month = {01},
	date = {2016-01},
	journal = {Public Choice},
	pages = {113--142},
	volume = {166},
	number = {1-2},
	doi = {10.1007/s11127-016-0317-8},
	url = {http://dx.doi.org/10.1007/s11127-016-0317-8},
	langid = {en}
}

@article{powell2017,
	title = {Leader Survival Strategies and the Onset of Civil Conflict: A Coup-Proofing Paradox},
	author = {Powell, Jonathan},
	year = {2017},
	month = {12},
	date = {2017-12-04},
	journal = {Armed Forces \& Society},
	pages = {27--44},
	volume = {45},
	number = {1},
	doi = {10.1177/0095327x17728493},
	url = {http://dx.doi.org/10.1177/0095327x17728493},
	langid = {en}
}

@article{svolik2008,
	title = {Power-Sharing and Leadership Dynamics in Authoritarian Regimes},
	author = {Svolik, Milan},
	year = {2008},
	date = {2008},
	journal = {SSRN Electronic Journal},
	doi = {10.2139/ssrn.860744},
	url = {http://dx.doi.org/10.2139/ssrn.860744},
	langid = {en}
}

@article{frantz2016,
	title = {Countering Coups: Leadership Succession Rules in Dictatorships},
	author = {Frantz, Erica and Stein, Elizabeth A.},
	year = {2016},
	month = {07},
	date = {2016-07-04},
	journal = {Comparative Political Studies},
	pages = {935--962},
	volume = {50},
	number = {7},
	doi = {10.1177/0010414016655538},
	url = {http://dx.doi.org/10.1177/0010414016655538},
	langid = {en}
}

@article{oztig2020,
	title = {Failed coups, political survival, and civil liberties restrictions in nondemocratic regimes},
	author = {Oztig, Lacin Idil and Donduran, Murat},
	year = {2020},
	month = {10},
	date = {2020-10-01},
	journal = {The Social Science Journal},
	pages = {1--15},
	doi = {10.1080/03623319.2020.1827686},
	url = {http://dx.doi.org/10.1080/03623319.2020.1827686},
	langid = {en}
}

@article{kebschull1994,
	title = {Operation {"}Just Missed{"}: Lessons From Failed Coup Attempts},
	author = {Kebschull, Harvey G.},
	year = {1994},
	month = {07},
	date = {1994-07},
	journal = {Armed Forces \& Society},
	pages = {565--579},
	volume = {20},
	number = {4},
	doi = {10.1177/0095327x9402000405},
	url = {http://dx.doi.org/10.1177/0095327x9402000405},
	langid = {en}
}

@article{rittinger2020,
	title = {Coup-Proofing Vulnerable Presidencies in Latin America},
	author = {Rittinger, Eric},
	year = {2020},
	month = {11},
	date = {2020-11-19},
	doi = {10.1093/acrefore/9780190228637.013.1905},
	url = {http://dx.doi.org/10.1093/acrefore/9780190228637.013.1905}
}

@article{lutterbeck2021,
	title = {Coup-Proofing in the Middle Eastern and North African (MENA) Region},
	author = {Lutterbeck, Derek},
	year = {2021},
	month = {02},
	date = {2021-02-23},
	doi = {10.1093/acrefore/9780190228637.013.1869},
	url = {http://dx.doi.org/10.1093/acrefore/9780190228637.013.1869}
}

@book{quinlivan1999,
	title = {Coup-Proofing: Its Practice and Consequences in the Middle East},
	author = {Quinlivan, James},
	year = {1999},
	date = {1999},
	publisher = {MIT Press},
	doi = {10.7249/rp844},
	url = {http://dx.doi.org/10.7249/rp844}
}

@inbook{coup-pro2015,
	title = {Coup-Proofing},
	year = {2015},
	month = {05},
	date = {2015-05-31},
	publisher = {Cambridge University Press},
	pages = {123--172},
	doi = {10.1017/cbo9781107478046.005},
	url = {http://dx.doi.org/10.1017/cbo9781107478046.005}
}

@article{tang2021,
	title = {When Security Forces Cause Insecurity?:Coup-Proofing, Regime Types, and Coup D'État},
	author = {Tang, Rui and Li, Liang},
	year = {2021},
	date = {2021},
	journal = {SSRN Electronic Journal},
	doi = {10.2139/ssrn.3904029},
	url = {http://dx.doi.org/10.2139/ssrn.3904029},
	langid = {en}
}

@misc{mady2023,
	title = {Coup-proofing strategies in counter-revolutionary regimes: Egypt since 2013},
	author = {Mady, Abdel-Fattah},
	year = {2023},
	month = {08},
	date = {2023-08-27},
	url = {http://dx.doi.org/10.33774/apsa-2023-qjh7r}
}

@article{powell2014,
	title = {Leader Survival Strategies and the Onset of Civil Conflict: A Coup-Proofing Paradox},
	author = {Powell, Jonathan},
	year = {2014},
	date = {2014},
	journal = {SSRN Electronic Journal},
	doi = {10.2139/ssrn.2443741},
	url = {http://dx.doi.org/10.2139/ssrn.2443741},
	langid = {en}
}

@inbook{coupsc2020,
	title = {Coups, Coup-Proofing, and Military Politics in Endgames},
	year = {2020},
	month = {09},
	date = {2020-09-30},
	publisher = {Cambridge University Press},
	pages = {25--57},
	doi = {10.1017/9781108893695.002},
	url = {http://dx.doi.org/10.1017/9781108893695.002}
}

@article{sudduth2017a,
	title = {Strategic Logic of Elite Purges in Dictatorships},
	author = {Sudduth, Jun Koga},
	year = {2017},
	month = {02},
	date = {2017-02-02},
	journal = {Comparative Political Studies},
	pages = {1768--1801},
	volume = {50},
	number = {13},
	doi = {10.1177/0010414016688004},
	url = {http://dx.doi.org/10.1177/0010414016688004},
	langid = {en}
}

@article{roessler2011,
	title = {The Enemy Within: Personal Rule, Coups, and Civil War in Africa},
	author = {Roessler, Philip},
	year = {2011},
	month = {04},
	date = {2011-04},
	journal = {World Politics},
	pages = {300--346},
	volume = {63},
	number = {2},
	doi = {10.1017/s0043887111000049},
	url = {http://dx.doi.org/10.1017/s0043887111000049},
	langid = {en}
}

@article{powell2011,
	title = {Global instances of coups from 1950 to 2010: A new dataset},
	author = {Powell, Jonathan M and Thyne, Clayton L},
	year = {2011},
	month = {03},
	date = {2011-03},
	journal = {Journal of Peace Research},
	pages = {249--259},
	volume = {48},
	number = {2},
	doi = {10.1177/0022343310397436},
	url = {http://dx.doi.org/10.1177/0022343310397436},
	langid = {en}
}

@inbook{ginsburg2019,
	title = {One Size Does Not Fit All},
	author = {Ginsburg, Tom and Elkins, Zachary},
	year = {2019},
	month = {06},
	date = {2019-06-20},
	publisher = {Oxford University Press},
	pages = {37--52},
	doi = {10.1093/oso/9780198837404.003.0003},
	url = {http://dx.doi.org/10.1093/oso/9780198837404.003.0003}
}

@article{ökten2022,
	title = {An Assessment of Neoliberal Coups: the 1973 Chilean Military Coup and the 1980 Turkish Military Coup},
	author = {{Ökten}, Nilay and {Balc{\i}}, Meral},
	year = {2022},
	month = {06},
	date = {2022-06-02},
	journal = {Governance and Politics},
	pages = {8--28},
	volume = {1},
	number = {1},
	doi = {10.24833/2782-7062-2022-1-1-8-28},
	url = {http://dx.doi.org/10.24833/2782-7062-2022-1-1-8-28}
}

@inbook{fromthe2022,
	title = {From the Perfect Dictatorship to an Imperfect Democracy},
	year = {2022},
	month = {08},
	date = {2022-08-29},
	publisher = {Duke University Press},
	pages = {667--678},
	doi = {10.1215/9781478022978-101},
	url = {http://dx.doi.org/10.1215/9781478022978-101}
}

@article{vaughan2022,
	title = {Mexico, 1940{\textendash}1968 and Beyond: Perfect Dictatorship? Dictablanda? or PRI State Hegemony?},
	author = {Vaughan, Mary Kay},
	year = {2022},
	month = {01},
	date = {2022-01-01},
	journal = {Latin American Research Review},
	pages = {167--176},
	volume = {53},
	number = {1},
	doi = {10.25222/larr.294},
	url = {http://dx.doi.org/10.25222/larr.294},
	langid = {en}
}

@inbook{gillingham2021,
	title = {Why Mexico Did Not Become a Military Dictatorship},
	author = {Gillingham, Paul},
	year = {2021},
	month = {05},
	date = {2021-05-25},
	publisher = {Yale University Press},
	pages = {245--273},
	doi = {10.12987/yale/9780300253122.003.0010},
	url = {http://dx.doi.org/10.12987/yale/9780300253122.003.0010}
}

@inbook{a"perfe2021,
	title = {A {\textquotedblleft}Perfect Dictatorship?{\textquotedblright} The Puzzle of Electoral Authoritarianism},
	year = {2021},
	month = {10},
	date = {2021-10-31},
	publisher = {Cambridge University Press},
	pages = {1--32},
	doi = {10.1017/9781009047500.001},
	url = {http://dx.doi.org/10.1017/9781009047500.001}
}

@article{svolik2012,
	title = {Which Democracies Will Last? Coups, Incumbent Takeovers, and the Dynamic of Democratic Consolidation},
	author = {Svolik, Milan},
	year = {2012},
	date = {2012},
	journal = {SSRN Electronic Journal},
	doi = {10.2139/ssrn.1337082},
	url = {http://dx.doi.org/10.2139/ssrn.1337082},
	langid = {en}
}

@article{goemans2009,
	title = {Introducing Archigos: A Dataset of Political Leaders},
	author = {Goemans, Henk E. and Gleditsch, Kristian Skrede and Chiozza, Giacomo},
	year = {2009},
	month = {03},
	date = {2009-03},
	journal = {Journal of Peace Research},
	pages = {269--283},
	volume = {46},
	number = {2},
	doi = {10.1177/0022343308100719},
	url = {http://dx.doi.org/10.1177/0022343308100719},
	langid = {en}
}

@article{goemans2009,
	title = {Introducing Archigos: A Dataset of Political Leaders},
	author = {Goemans, Henk E. and Gleditsch, Kristian Skrede and Chiozza, Giacomo},
	year = {2009},
	month = {03},
	date = {2009-03},
	journal = {Journal of Peace Research},
	pages = {269--283},
	volume = {46},
	number = {2},
	doi = {10.1177/0022343308100719},
	url = {http://dx.doi.org/10.1177/0022343308100719},
	langid = {en}
}

@article{politica1995,
	title = {Political stability and democracy in Mexico: the {"}perfect dictatorship{"}?},
	year = {1995},
	month = {03},
	date = {1995-03-01},
	journal = {Choice Reviews Online},
	volume = {32},
	number = {07},
	doi = {10.5860/choice.32-4131},
	url = {http://dx.doi.org/10.5860/choice.32-4131},
	langid = {en}
}

@inbook{gillingham2021,
	title = {Development, Corruption, and the Demands of the State},
	author = {Gillingham, Paul},
	year = {2021},
	month = {05},
	date = {2021-05-25},
	publisher = {Yale University Press},
	pages = {190--218},
	doi = {10.12987/yale/9780300253122.003.0008},
	url = {http://dx.doi.org/10.12987/yale/9780300253122.003.0008}
}

@inbook{fromthe2022,
	title = {From the Perfect Dictatorship to an Imperfect Democracy},
	year = {2022},
	month = {08},
	date = {2022-08-29},
	publisher = {Duke University Press},
	pages = {667--678},
	doi = {10.1215/9781478022978-101},
	url = {http://dx.doi.org/10.1215/9781478022978-101}
}

@inbook{developm2021,
	title = {Development, Corruption, and the Demands of the State},
	year = {2021},
	month = {05},
	date = {2021-05-25},
	publisher = {Yale University Press},
	pages = {190--218},
	doi = {10.2307/j.ctv1mgmd23.12},
	url = {http://dx.doi.org/10.2307/j.ctv1mgmd23.12}
}

@inbook{fromthe2022,
	title = {From the Perfect Dictatorship to an Imperfect Democracy},
	year = {2022},
	month = {08},
	date = {2022-08-29},
	publisher = {Duke University Press},
	pages = {667--678},
	doi = {10.1215/9781478022978-101},
	url = {http://dx.doi.org/10.1215/9781478022978-101}
}

@inbook{klesner2019,
	title = {The Politics of Presidential Term Limits in Mexico},
	author = {Klesner, Joseph L.},
	year = {2019},
	month = {06},
	date = {2019-06-20},
	publisher = {Oxford University Press},
	pages = {141--158},
	doi = {10.1093/oso/9780198837404.003.0008},
	url = {http://dx.doi.org/10.1093/oso/9780198837404.003.0008}
}

@article{powell2011,
	title = {Global instances of coups from 1950 to 2010: A new dataset},
	author = {Powell, Jonathan M and Thyne, Clayton L},
	year = {2011},
	month = {03},
	date = {2011-03},
	journal = {Journal of Peace Research},
	pages = {249--259},
	volume = {48},
	number = {2},
	doi = {10.1177/0022343310397436},
	url = {http://dx.doi.org/10.1177/0022343310397436},
	langid = {en}
}

@article{rex2013,
	title = {The Man Without a Face: The Unlikely Rise of Vladimir Putin},
	author = {Rex, Jessica},
	year = {2013},
	month = {07},
	date = {2013-07-15},
	journal = {Trans-pasando Fronteras},
	pages = {217},
	number = {3},
	doi = {10.18046/retf.i3.1547},
	url = {http://dx.doi.org/10.18046/retf.i3.1547}
}

@article{svolik2012,
	title = {The Politics of Authoritarian Rule},
	author = {Svolik, Milan W.},
	year = {2012},
	month = {09},
	date = {2012-09-17},
	doi = {10.1017/cbo9781139176040},
	url = {http://dx.doi.org/10.1017/cbo9781139176040}
}

@inbook{llanos2019,
	title = {The Politics of Presidential Term Limits in Argentina},
	author = {Llanos, Mariana},
	year = {2019},
	month = {06},
	date = {2019-06-20},
	publisher = {Oxford University Press},
	pages = {473--494},
	doi = {10.1093/oso/9780198837404.003.0023},
	url = {http://dx.doi.org/10.1093/oso/9780198837404.003.0023}
}

@article{geddes2018,
	title = {How Dictatorships Work},
	author = {Geddes, Barbara and Wright, Joseph and Frantz, Erica},
	year = {2018},
	month = {07},
	date = {2018-07-31},
	doi = {10.1017/9781316336182},
	url = {http://dx.doi.org/10.1017/9781316336182}
}

@inbook{kreml1977,
	title = {THE AUTHORITARIAN MODEL IN POLITICS},
	author = {KREML, WILLIAM P.},
	year = {1977},
	date = {1977},
	publisher = {Elsevier},
	pages = {87--104},
	doi = {10.1016/b978-0-08-021063-6.50015-5},
	url = {http://dx.doi.org/10.1016/b978-0-08-021063-6.50015-5}
}

@article{svolik2012,
	title = {The Politics of Authoritarian Rule},
	author = {Svolik, Milan W.},
	year = {2012},
	month = {09},
	date = {2012-09-17},
	doi = {10.1017/cbo9781139176040},
	url = {http://dx.doi.org/10.1017/cbo9781139176040}
}

@inbook{ginsburg2019,
	title = {One Size Does Not Fit All},
	author = {Ginsburg, Tom and Elkins, Zachary},
	year = {2019},
	month = {06},
	date = {2019-06-20},
	publisher = {Oxford University Press},
	pages = {37--52},
	doi = {10.1093/oso/9780198837404.003.0003},
	url = {http://dx.doi.org/10.1093/oso/9780198837404.003.0003}
}

@inbook{llanos2019,
	title = {The Politics of Presidential Term Limits in Argentina},
	author = {Llanos, Mariana},
	year = {2019},
	month = {06},
	date = {2019-06-20},
	publisher = {Oxford University Press},
	pages = {473--494},
	doi = {10.1093/oso/9780198837404.003.0023},
	url = {http://dx.doi.org/10.1093/oso/9780198837404.003.0023}
}

@article{mcmahon2015,
	title = {The Guardianship Dilemma: Regime Security through and from the Armed Forces},
	author = {McMahon, R. Blake and Slantchev, Branislav},
	year = {2015},
	date = {2015},
	journal = {SSRN Electronic Journal},
	doi = {10.2139/ssrn.2476023},
	url = {http://dx.doi.org/10.2139/ssrn.2476023},
	langid = {en}
}

@article{geddes2018,
	title = {How Dictatorships Work},
	author = {Geddes, Barbara and Wright, Joseph and Frantz, Erica},
	year = {2018},
	month = {07},
	date = {2018-07-31},
	doi = {10.1017/9781316336182},
	url = {http://dx.doi.org/10.1017/9781316336182}
}

@article{wintrobe2012,
	title = {Autocracy and coups d{\textquoteright}etat},
	author = {Wintrobe, Ronald},
	year = {2012},
	month = {05},
	date = {2012-05-16},
	journal = {Public Choice},
	pages = {115--130},
	volume = {152},
	number = {1-2},
	doi = {10.1007/s11127-011-9862-3},
	url = {http://dx.doi.org/10.1007/s11127-011-9862-3},
	langid = {en}
}

@article{geddes2018,
	title = {How Dictatorships Work},
	author = {Geddes, Barbara and Wright, Joseph and Frantz, Erica},
	year = {2018},
	month = {07},
	date = {2018-07-31},
	doi = {10.1017/9781316336182},
	url = {http://dx.doi.org/10.1017/9781316336182}
}

@article{bermeo2016,
	title = {On Democratic Backsliding},
	author = {Bermeo, Nancy},
	year = {2016},
	date = {2016},
	journal = {Journal of Democracy},
	pages = {5--19},
	volume = {27},
	number = {1},
	doi = {10.1353/jod.2016.0012},
	url = {http://dx.doi.org/10.1353/jod.2016.0012},
	langid = {en}
}

@article{sudduth2017,
	title = {Strategic Logic of Elite Purges in Dictatorships},
	author = {Sudduth, Jun Koga},
	year = {2017},
	month = {02},
	date = {2017-02-02},
	journal = {Comparative Political Studies},
	pages = {1768--1801},
	volume = {50},
	number = {13},
	doi = {10.1177/0010414016688004},
	url = {http://dx.doi.org/10.1177/0010414016688004},
	langid = {en}
}

@inbook{majorpo2017,
	title = {Major Political Parties and Political Blocs},
	year = {2017},
	month = {01},
	date = {2017-01-16},
	publisher = {University of Pennsylvania Press, Inc.},
	pages = {xiii--xvi},
	doi = {10.2307/j.ctv2t4bmv.5},
	url = {http://dx.doi.org/10.2307/j.ctv2t4bmv.5}
}

@article{goldstone2009,
	title = {A Global Model for Forecasting Political Instability},
	author = {Goldstone, Jack A. and Bates, Robert H. and Epstein, David L. and Gurr, Ted Robert and Lustik, Michael B. and Marshall, Monty G. and Ulfelder, Jay and Woodward, Mark},
	year = {2009},
	month = {12},
	date = {2009-12-28},
	journal = {American Journal of Political Science},
	pages = {190--208},
	volume = {54},
	number = {1},
	doi = {10.1111/j.1540-5907.2009.00426.x},
	url = {http://dx.doi.org/10.1111/j.1540-5907.2009.00426.x},
	langid = {en}
}

@article{goldstone2009,
	title = {A Global Model for Forecasting Political Instability},
	author = {Goldstone, Jack A. and Bates, Robert H. and Epstein, David L. and Gurr, Ted Robert and Lustik, Michael B. and Marshall, Monty G. and Ulfelder, Jay and Woodward, Mark},
	year = {2009},
	month = {12},
	date = {2009-12-28},
	journal = {American Journal of Political Science},
	pages = {190--208},
	volume = {54},
	number = {1},
	doi = {10.1111/j.1540-5907.2009.00426.x},
	url = {http://dx.doi.org/10.1111/j.1540-5907.2009.00426.x},
	langid = {en}
}

@book{spence1990search,
  title={The search for modern China},
  author={Spence, Jonathan D},
  year={1990},
  publisher={WW Norton \& Company}
}
@article{wright2013,
	title = {Oil and Autocratic Regime Survival},
	author = {Wright, Joseph and Frantz, Erica and Geddes, Barbara},
	year = {2013},
	month = {09},
	date = {2013-09-26},
	journal = {British Journal of Political Science},
	pages = {287--306},
	volume = {45},
	number = {2},
	doi = {10.1017/s0007123413000252},
	url = {http://dx.doi.org/10.1017/s0007123413000252},
	langid = {en}
}

@article{svolik2009,
	title = {Power Sharing and Leadership Dynamics in Authoritarian Regimes},
	author = {Svolik, Milan W.},
	year = {2009},
	month = {03},
	date = {2009-03-27},
	journal = {American Journal of Political Science},
	pages = {477--494},
	volume = {53},
	number = {2},
	doi = {10.1111/j.1540-5907.2009.00382.x},
	url = {http://dx.doi.org/10.1111/j.1540-5907.2009.00382.x},
	langid = {en}
}

@article{sudduth2018,
	title = {The Rise Predicts the Fall: How the Method of Leader Entry Affects the Method of Leader Removal in Dictatorships},
	author = {Sudduth, Jun Koga and Bell, Curtis},
	year = {2018},
	month = {03},
	date = {2018-03-01},
	journal = {International Studies Quarterly},
	pages = {145--159},
	volume = {62},
	number = {1},
	doi = {10.1093/isq/sqx075},
	url = {http://dx.doi.org/10.1093/isq/sqx075},
	langid = {en}
}
